@TECHREPORT{Paalvast89,
  AUTHOR      = {E. M. Paalvast},
  TITLE	      = {The Booster Language},
  INSTITUTION = {Institute of Applied Computer Science (ITI-TNO, Delft},
  YEAR	      = {1989},
    NUMBER   = {89 ITI B 18},
}

@INPROCEEDINGS{Paalvast89a,
  AUTHOR     = {E. M. Paalvast and H. J. Sips},
  TITLE	     = {A High-Level Language for the Description of Parallel
		  Algorithms}, 
  YEAR	     = {1989},
  BOOKTITLE  = {Proceedings Parallel Computing '89},
      PUBLISHER	    = {North Holland Publishing Co.},
}


@BOOK{Jones87,
  AUTHOR    = {S. L. Peyton Jones},
  TITLE	    = {The implementation of functional programming languages},
  PUBLISHER = {Prentice Hall, New York},
  YEAR	    = {1987},
}

@BOOK{Plasmeijer93,
  AUTHOR    = {R. Plasmeijer and M. Van Eekelen},
  TITLE	    = {Functional programming and parallel graph rewriting},
  PUBLISHER = {Addison-Wesley},
  YEAR	    = {1993},
}



@ARTICLE{Bird89,
  AUTHOR   = {R. S. Bird},
  TITLE	   = {Algebraic entities for program calculation},
  YEAR	   = {1989},
  JOURNAL  = {The Computer Journal},
    VOLUME   = {32},
}


@TECHREPORT{vanGemund89,
  AUTHOR      = {A. van Gemund},
  TITLE	      = {A View Language and Calculus},
  INSTITUTION = {Institute of Applied Computer Science (ITI-TNO, Delft},
  YEAR	      = {1989},
    NUMBER   = {89 ITI B 46},
}


@INPROCEEDINGS{Paalvast90,
  AUTHOR     = {E. M. Paalvast and A. van Gemund and H. Sips},
  TITLE	     = {A Method for Parallel Program Generation with an
		  Application to the Booster Language},
  YEAR	     = {1990},
  BOOKTITLE  = {Proceedings 1990 ACM International Conference on
		  Supercomputing, Amsterdam},
      PUBLISHER	    = {ACM Press},
}

@INPROCEEDINGS{Paalvast91,
  AUTHOR     = {E. M. Paalvast and H. Sips and A. van Gemund },
  TITLE	     = {Automatic Parallel Program Generation and Optimization
		  from Data Decompositions},
  YEAR	     = {1991},
  BOOKTITLE  = {Proceedings 1991 International Conference on Parallel
		  Processing},
}


@PHDTHESIS{Paalvast92,
  AUTHOR    = {E. M. Paalvast},
  TITLE	    = {Programming for Parallelism and Compiling for Efficiency},
  SCHOOL    = {Delft University of Technology},
  YEAR	    = {1992},
}

@ARTICLE{Paalvast91a,
  AUTHOR   = {E. M. Paalvast and H. J. Sips and L. C. Breebaart},
  TITLE	   = {Booster: A High-Level Language for Portable Parallel
		  Algorithms},
  YEAR	   = {1991},
  JOURNAL  = {Applied Numerical Mathematics},
    VOLUME   = {8},
    PAGES    = {177-192},
}


@INPROCEEDINGS{deJong92,
  AUTHOR     = {E. de Jong and E. M. Paalvast},
  TITLE	     = {High-Level specification tools for parallel
		  application development},
  YEAR	     = {1992},
  BOOKTITLE  = {Proceedings CompEuro, The Hague},
      PUBLISHER	    = {IEEE Press},
}

@PHDTHESIS{Wang91,
  AUTHOR    = {K.-Y. Wang},
  TITLE	    = {Intelligent Program Optimization and Parallelization
		  for Parallel Computers},
  SCHOOL    = {Purdue University},
  YEAR	    = {1991},
    NOTE     = {Report Nr.\ CSD-TR 91-030}
}


@TECHREPORT{Breebaart92,
  AUTHOR      = {L.C. Breebaart and P. Doornbos},
  TITLE	      = {The Rule Language, syntax and semantics},
  INSTITUTION = {TNO, Delft},
  YEAR	      = {1992},
    NUMBER   = {No.\ 92-TPD/zp-1024},
}



@INPROCEEDINGS{Breebaart92a,
  AUTHOR     = {L.C. Breebaart and E.M. Paalvast and H.J. Sips},
  TITLE	     = {A Rule Based Transformation System},
  YEAR	     = {1992},
  BOOKTITLE  = {Proceedings of the Third Workshop on Compilers for
		  Parallel Languages},
      VOLUME        = {TR 92-8},
      SERIES        = {ACPC},
}


@TECHREPORT{Cordy93,
  AUTHOR      = {J. Cordy and I. Carmichael},
  TITLE	      = {The {TXL} programming language, syntax and informal
		  semantics, version 7},
  INSTITUTION = {Queens University at Kingston, Department of
		  Computing and Information Science},
  YEAR	      = {1993},
}


@INPROCEEDINGS{Trescher94,
  AUTHOR     = {J. Trescher and L. Breebaart and P. Dechering and A.
		  Poelman and H. de Vreught and H. Sips},
  TITLE	     = {A formal approach to the compilation of data-parallel
		  languages},
  YEAR	     = {1994},
  BOOKTITLE  = {Proceedings of the 7th Annual Workshop on Languages
		  and Compilers for Parallel Computing, LNCS 892,
		  Springer Verlag, 1995.},
}


@ARTICLE{Callahan88,
  AUTHOR   = {D. Callahan and K. Kennedy},
  TITLE	   = {Compiling Programs for Distributed-Memory Multiprocessors},
  YEAR	   = {1988},
  JOURNAL  = {The Journal of Supercomputing},
}

@INPROCEEDINGS{Gerndt89,
  AUTHOR     = {M. Gerndt},
  TITLE	     = {Array Distribution in SUPERB},
  YEAR	     = {1989},
  BOOKTITLE  = {Proceedings of the 3rd International Conference on
		  Supercomputing},
}


@INPROCEEDINGS{Rogers89,
  AUTHOR     = {A. Rogers and K. Pingali},
  TITLE	     = {Process Decompositionb Through Locality of Reference},
  YEAR	     = {1989},
  BOOKTITLE  = {Proceedings of the ACM SIGPLAN '89 Conference on
		  Programming Language Design and Implementation},
}

@ARTICLE{Koelbel91,
  AUTHOR   = {C. Koelbel and P. Mehrotra},
  TITLE	   = {Compiling global name space parallel loops for
		  distributed execution},
  YEAR	   = {1991},
  JOURNAL  = {IEEE Transactions on Parallel and Distributed Systems},
    VOLUME   = {2},
    NUMBER   = {4},
}


@TECHREPORT{Quinn89,
  AUTHOR      = {M. Quinn and P. Hatcher},
  TITLE	      = {Data parallel programming on multicomputers},
  INSTITUTION = {University of New Hampshire, Department of Computer
		  Science},
  YEAR	      = {1989},
    NUMBER   = {Report Nr. PCL-89-18},
}

@ARTICLE{HPFF93,
  AUTHOR      = {HPFF},
  TITLE	      = {High Performance Fortran Language Specification},
  YEAR	   = {1993},
  JOURNAL  = {Scientific Computing},
    VOLUME   = {2},
    NUMBER   = {1},
    MONTH    = {June},
}


@TECHREPORT{Dechering95,
  AUTHOR      = {P. Dechering},
  TITLE	      = {The Denotational Semantics of Booster},
  INSTITUTION = {Delft University of Technology},
  YEAR        = {1995},
  NUMBER      = {CP report series CP-95-05},
}


@TECHREPORT{Dechering95a,
  AUTHOR      = {P. Dechering and A. Poelman and J. Trescher and H. de
		  Vreught},
  TITLE	      = {Booster ?!? Never heard of it - A Tutorial},
  INSTITUTION = {Delft University of Technology},
  YEAR        = {1995},
  NUMBER      = {CP report series CP-95-04},
}

@TECHREPORT{Mossenbock93,
  AUTHOR      = {H. M\"{o}ssenb\"{o}ck and N. Wirth},
  TITLE	      = {The Programming Language Oberon-2},
  INSTITUTION = {Institut f\"{u}r Computersysteme, ETH Z\"{u}rich},
  YEAR	      = {1993},
    NUMBER   =  {ftp.switch.ch:\-/mirror/\-Oberon/\-Docu/\-Oberon2.\-Report.ps.Z}, 
}

@BOOK{Nelson91,
  AUTHOR    = {G. Nelson},
  TITLE	    = {System Programming with Modula-3},
  PUBLISHER = {Prentice Hall},
  YEAR	    = {1991},
    SERIES   = {Innovative Technology},
}
